<?xml version="1.0" encoding="UTF-8"?><collection xmlns="http://www.loc.gov/MARC21/slim"><record><leader>00364nam--2200145-i-4500</leader><controlfield tag="001">000027803</controlfield><controlfield tag="002">20161230</controlfield><controlfield tag="005">20170127193925</controlfield><controlfield tag="008">060222s1000------------r-----000-0-eng-d</controlfield><datafield ind1=" " ind2=" " tag="100"><subfield code="a">Laue, Max Von</subfield></datafield><datafield ind1=" " ind2=" " tag="245"><subfield code="a">Vorlesungen uber thermodynamik</subfield></datafield><datafield ind1=" " ind2=" " tag="260"><subfield code="a">Berlin</subfield><subfield code="b">W.De Gruyter</subfield><subfield code="c">1954</subfield></datafield><datafield ind1=" " ind2=" " tag="300"><subfield code="a">XV + 306 p. + 1 Pl</subfield></datafield><datafield ind1=" " ind2=" " tag="852"><subfield code="a">12188</subfield></datafield><datafield ind1=" " ind2=" " tag="CAT"><subfield code="a">SYS</subfield><subfield code="c">20170127</subfield><subfield code="h">193925</subfield></datafield></record></collection>